Source Folder ID	File Name	Mime Type	File ID	Web View Link	Direct Download Link	Created	Last Updated	Size (Bytes)	Width (px)	Height (px)	Orientation
1dMUkxACqfzxeix8hdA5UA3XJuOOeuxK_	Signed Sealed Delivered .mov	video/quicktime	12FKK3ImL0TBgeTMmmT2w2DF7K9E9pYti	https://drive.google.com/file/d/12FKK3ImL0TBgeTMmmT2w2DF7K9E9pYti/view	https://drive.google.com/uc?export=download&id=12FKK3ImL0TBgeTMmmT2w2DF7K9E9pYti	2025-11-17T19:30:41.899Z	2025-11-17T20:05:42.235Z	94213640	1080	1920	Portrait
1dMUkxACqfzxeix8hdA5UA3XJuOOeuxK_	California Love.mov	video/quicktime	1oYy8ksYFljhnpmQxV-F_ail1S2ee6ZFV	https://drive.google.com/file/d/1oYy8ksYFljhnpmQxV-F_ail1S2ee6ZFV/view	https://drive.google.com/uc?export=download&id=1oYy8ksYFljhnpmQxV-F_ail1S2ee6ZFV	2025-11-17T19:54:12.068Z	2025-11-17T20:05:21.611Z	195071442	1920	1080	Landscape
1dMUkxACqfzxeix8hdA5UA3XJuOOeuxK_	Rockin Around The Xmas Tree.MOV	video/quicktime	1n700qbK5rGYkdYCy4faDskVIabu0Fb2S	https://drive.google.com/file/d/1n700qbK5rGYkdYCy4faDskVIabu0Fb2S/view	https://drive.google.com/uc?export=download&id=1n700qbK5rGYkdYCy4faDskVIabu0Fb2S	2025-11-17T19:22:05.552Z	2025-11-17T20:04:49.811Z	113961114	1080	1920	Portrait
1dMUkxACqfzxeix8hdA5UA3XJuOOeuxK_	5e53b14a3560475687f1357f0b62f0a9.MOV	video/quicktime	1utjZqdpeLHPXNc494FSpj8ang1OUSYSy	https://drive.google.com/file/d/1utjZqdpeLHPXNc494FSpj8ang1OUSYSy/view	https://drive.google.com/uc?export=download&id=1utjZqdpeLHPXNc494FSpj8ang1OUSYSy	2025-11-17T20:04:04.652Z	2025-11-17T20:04:04.652Z	237117286	1080	1920	Portrait
1dMUkxACqfzxeix8hdA5UA3XJuOOeuxK_	Give It To Me Baby.mov	video/quicktime	1laseZ8SJ_b1R2oyz5oW7vTxghLEQhlHX	https://drive.google.com/file/d/1laseZ8SJ_b1R2oyz5oW7vTxghLEQhlHX/view	https://drive.google.com/uc?export=download&id=1laseZ8SJ_b1R2oyz5oW7vTxghLEQhlHX	2025-11-17T19:19:13.622Z	2025-11-17T20:00:45.446Z	114422006	1530	1080	Landscape
1dMUkxACqfzxeix8hdA5UA3XJuOOeuxK_	Shout.MOV	video/quicktime	1abCQQgVAwzVyPZy6GhSQYgnyTqfT3N2Z	https://drive.google.com/file/d/1abCQQgVAwzVyPZy6GhSQYgnyTqfT3N2Z/view	https://drive.google.com/uc?export=download&id=1abCQQgVAwzVyPZy6GhSQYgnyTqfT3N2Z	2025-11-17T19:27:39.750Z	2025-11-17T20:00:11.193Z	117566144	1080	1920	Portrait
1dMUkxACqfzxeix8hdA5UA3XJuOOeuxK_	Guitar & Sax Battle .mov	video/quicktime	10uzqeWC7-jsd8D1j1b2kuxRYCc6dXcRl	https://drive.google.com/file/d/10uzqeWC7-jsd8D1j1b2kuxRYCc6dXcRl/view	https://drive.google.com/uc?export=download&id=10uzqeWC7-jsd8D1j1b2kuxRYCc6dXcRl	2025-11-17T19:37:39.181Z	2025-11-17T20:00:01.363Z	114988995	1080	1920	Portrait
1dMUkxACqfzxeix8hdA5UA3XJuOOeuxK_	Sax Solo.MOV	video/quicktime	1-xQs14-IeR9FGjPLtuVfKWuWzQBTWD2B	https://drive.google.com/file/d/1-xQs14-IeR9FGjPLtuVfKWuWzQBTWD2B/view	https://drive.google.com/uc?export=download&id=1-xQs14-IeR9FGjPLtuVfKWuWzQBTWD2B	2025-11-17T19:28:55.908Z	2025-11-17T19:59:43.837Z	80142473	1080	1920	Portrait
1dMUkxACqfzxeix8hdA5UA3XJuOOeuxK_	James Brown.MOV	video/quicktime	1782iQcWXi9yFuo1r4ynpYphQwZuEKSyf	https://drive.google.com/file/d/1782iQcWXi9yFuo1r4ynpYphQwZuEKSyf/view	https://drive.google.com/uc?export=download&id=1782iQcWXi9yFuo1r4ynpYphQwZuEKSyf	2025-11-17T19:42:14.696Z	2025-11-17T19:59:28.477Z	168695141	1920	1080	Landscape
1dMUkxACqfzxeix8hdA5UA3XJuOOeuxK_	4. Sax Solo.mov	video/quicktime	1ah4sDIgCV6rdnf8Z90dgRDgGvNF3EKUK	https://drive.google.com/file/d/1ah4sDIgCV6rdnf8Z90dgRDgGvNF3EKUK/view	https://drive.google.com/uc?export=download&id=1ah4sDIgCV6rdnf8Z90dgRDgGvNF3EKUK	2025-11-15T09:23:10.330Z	2025-11-17T19:58:42.831Z	148227136	1080	1920	Portrait
1dMUkxACqfzxeix8hdA5UA3XJuOOeuxK_	MSV 2023-10-05 (2)_MSV.mov	video/quicktime	1Ooie_7N4dIP3uq0EKgPXOo6TXbGeFVw1	https://drive.google.com/file/d/1Ooie_7N4dIP3uq0EKgPXOo6TXbGeFVw1/view	https://drive.google.com/uc?export=download&id=1Ooie_7N4dIP3uq0EKgPXOo6TXbGeFVw1	2025-11-17T19:14:34.216Z	2025-11-17T19:14:34.216Z	63665615	1080	1920	Portrait
1dMUkxACqfzxeix8hdA5UA3XJuOOeuxK_	4. Rockin Around Xmas Tree.mov	video/quicktime	1cirRnku3UKi_TtcH6nywoYX39B2lDVsa	https://drive.google.com/file/d/1cirRnku3UKi_TtcH6nywoYX39B2lDVsa/view	https://drive.google.com/uc?export=download&id=1cirRnku3UKi_TtcH6nywoYX39B2lDVsa	2023-04-28T20:20:15.138Z	2025-11-17T19:07:02.594Z	148888087	1920	1080	Landscape
1dMUkxACqfzxeix8hdA5UA3XJuOOeuxK_	Piano Solo.mov	video/quicktime	1xfzfz6fQP2VPzy63fld_ouBJXr2UbCRk	https://drive.google.com/file/d/1xfzfz6fQP2VPzy63fld_ouBJXr2UbCRk/view	https://drive.google.com/uc?export=download&id=1xfzfz6fQP2VPzy63fld_ouBJXr2UbCRk	2025-11-15T09:24:41.959Z	2025-11-17T19:06:19.410Z	59700254	1080	1920	Portrait
1dMUkxACqfzxeix8hdA5UA3XJuOOeuxK_	At Last.MP4	video/mp4	1nsws69Xo_YHksK0C4HiyK5fhWlWqxfrw	https://drive.google.com/file/d/1nsws69Xo_YHksK0C4HiyK5fhWlWqxfrw/view	https://drive.google.com/uc?export=download&id=1nsws69Xo_YHksK0C4HiyK5fhWlWqxfrw	2025-11-15T09:34:52.394Z	2025-11-17T19:06:07.494Z	14772449	720	1280	Portrait
1dMUkxACqfzxeix8hdA5UA3XJuOOeuxK_	1 Shout.mov	video/quicktime	1_0L-PvR1ZQG82Q38WUraOdEe170UqoZL	https://drive.google.com/file/d/1_0L-PvR1ZQG82Q38WUraOdEe170UqoZL/view	https://drive.google.com/uc?export=download&id=1_0L-PvR1ZQG82Q38WUraOdEe170UqoZL	2025-11-15T09:30:30.635Z	2025-11-17T19:05:44.931Z	178837105	1080	1920	Portrait
1dMUkxACqfzxeix8hdA5UA3XJuOOeuxK_	1. Treasure.MOV	video/quicktime	1811hDODTEPjN-Vmhz6kI71pQ5z-DS-6A	https://drive.google.com/file/d/1811hDODTEPjN-Vmhz6kI71pQ5z-DS-6A/view	https://drive.google.com/uc?export=download&id=1811hDODTEPjN-Vmhz6kI71pQ5z-DS-6A	2025-11-15T09:28:11.960Z	2025-11-17T19:05:11.915Z	52494413	1080	1920	Portrait
1dMUkxACqfzxeix8hdA5UA3XJuOOeuxK_	Don’t Stop Believing .MOV	video/quicktime	1VYV0t3F8V-zyJ2-o--eC0xr2TNqwRqh_	https://drive.google.com/file/d/1VYV0t3F8V-zyJ2-o--eC0xr2TNqwRqh_/view	https://drive.google.com/uc?export=download&id=1VYV0t3F8V-zyJ2-o--eC0xr2TNqwRqh_	2025-11-14T20:19:10.516Z	2025-11-17T19:04:57.350Z	112576784	1080	1920	Portrait
1dMUkxACqfzxeix8hdA5UA3XJuOOeuxK_	3. Sax Solo.MOV	video/quicktime	1SXmubNiLczQO1OVF_QLLVET9cIVJMQnk	https://drive.google.com/file/d/1SXmubNiLczQO1OVF_QLLVET9cIVJMQnk/view	https://drive.google.com/uc?export=download&id=1SXmubNiLczQO1OVF_QLLVET9cIVJMQnk	2023-04-28T21:04:55.323Z	2023-04-28T23:09:48.942Z	129384167	1920	1080	Landscape
1dMUkxACqfzxeix8hdA5UA3XJuOOeuxK_	11. Piano Solo	video/quicktime	1yLEQggCPZ0sFvWkJWQUj5OBZHrNgd3h0	https://drive.google.com/file/d/1yLEQggCPZ0sFvWkJWQUj5OBZHrNgd3h0/view	https://drive.google.com/uc?export=download&id=1yLEQggCPZ0sFvWkJWQUj5OBZHrNgd3h0	2022-01-26T21:35:17.500Z	2023-04-28T23:09:27.502Z	71952318	1920	1080	Landscape
1dMUkxACqfzxeix8hdA5UA3XJuOOeuxK_	10. Mr Magic.mov	video/quicktime	1GrWW0jyQ_J9zy7To6Qu9kEh4VH-lfMQv	https://drive.google.com/file/d/1GrWW0jyQ_J9zy7To6Qu9kEh4VH-lfMQv/view	https://drive.google.com/uc?export=download&id=1GrWW0jyQ_J9zy7To6Qu9kEh4VH-lfMQv	2023-04-28T20:36:40.010Z	2023-04-28T23:09:09.328Z	205567786	1920	1080	Landscape
1dMUkxACqfzxeix8hdA5UA3XJuOOeuxK_	8. California Love.MOV	video/quicktime	1tfZn3bmjw_kFcuardWWRO-UnGD1AqNmn	https://drive.google.com/file/d/1tfZn3bmjw_kFcuardWWRO-UnGD1AqNmn/view	https://drive.google.com/uc?export=download&id=1tfZn3bmjw_kFcuardWWRO-UnGD1AqNmn	2023-04-28T21:15:34.390Z	2023-04-28T23:08:34.849Z	205691818	1920	1080	Landscape
1dMUkxACqfzxeix8hdA5UA3XJuOOeuxK_	7. Shout.MOV	video/quicktime	14ONKFgdeUawfZTDXlcxZpWTD0ck1Qo07	https://drive.google.com/file/d/14ONKFgdeUawfZTDXlcxZpWTD0ck1Qo07/view	https://drive.google.com/uc?export=download&id=14ONKFgdeUawfZTDXlcxZpWTD0ck1Qo07	2023-04-28T21:27:37.262Z	2023-04-28T23:08:04.639Z	254367505	1920	1080	Landscape
1dMUkxACqfzxeix8hdA5UA3XJuOOeuxK_	6. Fly Me To The Moon.MOV	video/quicktime	1gdGoMENIDRW0HCQKk-JxL4k22_82yhIg	https://drive.google.com/file/d/1gdGoMENIDRW0HCQKk-JxL4k22_82yhIg/view	https://drive.google.com/uc?export=download&id=1gdGoMENIDRW0HCQKk-JxL4k22_82yhIg	2023-04-28T20:27:03.927Z	2023-04-28T23:07:42.771Z	177081817	1920	1080	Landscape
1dMUkxACqfzxeix8hdA5UA3XJuOOeuxK_	5. Superstition Sax Solo.mov	video/quicktime	1v_oJ46Ip8B99LjT9h87myvtOxU49Li5Z	https://drive.google.com/file/d/1v_oJ46Ip8B99LjT9h87myvtOxU49Li5Z/view	https://drive.google.com/uc?export=download&id=1v_oJ46Ip8B99LjT9h87myvtOxU49Li5Z	2023-04-28T20:39:55.122Z	2023-04-28T21:19:57.045Z	112548798	1920	1080	Landscape
1dMUkxACqfzxeix8hdA5UA3XJuOOeuxK_	4. Tennessee Whiskey	video/quicktime	1oyHIqJ55NKgBvTzY1QoU6obpcXpjQD3n	https://drive.google.com/file/d/1oyHIqJ55NKgBvTzY1QoU6obpcXpjQD3n/view	https://drive.google.com/uc?export=download&id=1oyHIqJ55NKgBvTzY1QoU6obpcXpjQD3n	2023-04-28T20:54:46.240Z	2023-04-28T21:18:54.504Z	105858225	1920	1080	Landscape
1dMUkxACqfzxeix8hdA5UA3XJuOOeuxK_	3. Cake By The Ocean.mov	video/quicktime	1jusV_L2hG15cOEDmlCX3uLsHfks963Jk	https://drive.google.com/file/d/1jusV_L2hG15cOEDmlCX3uLsHfks963Jk/view	https://drive.google.com/uc?export=download&id=1jusV_L2hG15cOEDmlCX3uLsHfks963Jk	2023-04-28T20:21:29.296Z	2023-04-28T21:18:27.575Z	47682241	1920	1080	Landscape
1dMUkxACqfzxeix8hdA5UA3XJuOOeuxK_	2. Sir Duke.mov	video/quicktime	1xq2-DH8LqgYjm1tdkZmdAo9zDlkqJcgC	https://drive.google.com/file/d/1xq2-DH8LqgYjm1tdkZmdAo9zDlkqJcgC/view	https://drive.google.com/uc?export=download&id=1xq2-DH8LqgYjm1tdkZmdAo9zDlkqJcgC	2023-04-28T21:02:17.118Z	2023-04-28T21:18:07.179Z	157175815	1920	1080	Landscape
1dMUkxACqfzxeix8hdA5UA3XJuOOeuxK_	Copy of Private Event - Cali Love	video/quicktime	1t6u1uHu-EZJqxx7_xURH7Hu3pFtSCV8V	https://drive.google.com/file/d/1t6u1uHu-EZJqxx7_xURH7Hu3pFtSCV8V/view	https://drive.google.com/uc?export=download&id=1t6u1uHu-EZJqxx7_xURH7Hu3pFtSCV8V	2023-04-28T20:16:52.200Z	2023-04-28T20:16:52.200Z	101853727	1920	1080	Landscape
10y_rq9wbpuwr6UkcCQdTdPhnjlTsnbCE	Brick House.mov	video/quicktime	1ks2BMuyFWntxnqR0v88rFv-1FXBz-OIU	https://drive.google.com/file/d/1ks2BMuyFWntxnqR0v88rFv-1FXBz-OIU/view	https://drive.google.com/uc?export=download&id=1ks2BMuyFWntxnqR0v88rFv-1FXBz-OIU	2025-11-17T19:10:04.643Z	2025-11-17T20:07:23.497Z	31260387	720	1280	Portrait
10y_rq9wbpuwr6UkcCQdTdPhnjlTsnbCE	MSV 2024-12-16_MSV.MOV	video/quicktime	1g7pAM17alArPMvjB1mXHOM-na00Vox7E	https://drive.google.com/file/d/1g7pAM17alArPMvjB1mXHOM-na00Vox7E/view	https://drive.google.com/uc?export=download&id=1g7pAM17alArPMvjB1mXHOM-na00Vox7E	2025-11-17T19:20:24.955Z	2025-11-17T19:20:24.955Z	68002444	1080	1920	Portrait
10y_rq9wbpuwr6UkcCQdTdPhnjlTsnbCE	10. Cake By The Ocean.mov	video/quicktime	1tPA3_Bzat0HXov6iTPuHf5fqSx5Bmyy5	https://drive.google.com/file/d/1tPA3_Bzat0HXov6iTPuHf5fqSx5Bmyy5/view	https://drive.google.com/uc?export=download&id=1tPA3_Bzat0HXov6iTPuHf5fqSx5Bmyy5	2025-11-17T18:56:32.186Z	2025-11-17T19:03:13.558Z	117525192	1080	1920	Portrait
10y_rq9wbpuwr6UkcCQdTdPhnjlTsnbCE	Bass Solo.MP4	video/mp4	11Nx5gl98-q66RUzsSkvXGp53GxvRpILj	https://drive.google.com/file/d/11Nx5gl98-q66RUzsSkvXGp53GxvRpILj/view	https://drive.google.com/uc?export=download&id=11Nx5gl98-q66RUzsSkvXGp53GxvRpILj	2023-07-20T06:09:20.242Z	2025-11-17T19:02:28.612Z	75817392	1080	1920	Portrait
10y_rq9wbpuwr6UkcCQdTdPhnjlTsnbCE	At Last.mov	video/quicktime	1jofqJ5i-mARaKS2reZUhPH3A87rWECAu	https://drive.google.com/file/d/1jofqJ5i-mARaKS2reZUhPH3A87rWECAu/view	https://drive.google.com/uc?export=download&id=1jofqJ5i-mARaKS2reZUhPH3A87rWECAu	2025-11-17T18:38:11.019Z	2025-11-17T19:02:03.866Z	37091653	1080	1920	Portrait
10y_rq9wbpuwr6UkcCQdTdPhnjlTsnbCE	8. Uptown Funk.mov	video/quicktime	1XP0K9Wm6r5XlEsxaFlBLcbLXfeSwac8j	https://drive.google.com/file/d/1XP0K9Wm6r5XlEsxaFlBLcbLXfeSwac8j/view	https://drive.google.com/uc?export=download&id=1XP0K9Wm6r5XlEsxaFlBLcbLXfeSwac8j	2025-11-17T18:59:07.252Z	2025-11-17T19:01:47.400Z	102345489	1080	1920	Portrait
10y_rq9wbpuwr6UkcCQdTdPhnjlTsnbCE	Fly Me To The Moon.mov	video/quicktime	1oBwcgbxuEJRADdiZEKy-IrXZK8molhp3	https://drive.google.com/file/d/1oBwcgbxuEJRADdiZEKy-IrXZK8molhp3/view	https://drive.google.com/uc?export=download&id=1oBwcgbxuEJRADdiZEKy-IrXZK8molhp3	2025-11-17T18:40:47.923Z	2025-11-17T19:01:25.084Z	116486656	1080	1920	Portrait
10y_rq9wbpuwr6UkcCQdTdPhnjlTsnbCE	7. Up Town Funk- Studio Recording	video/mp4	1fnpuYpAat0cXFCPwEwDyKWr8rlViAxF_	https://drive.google.com/file/d/1fnpuYpAat0cXFCPwEwDyKWr8rlViAxF_/view	https://drive.google.com/uc?export=download&id=1fnpuYpAat0cXFCPwEwDyKWr8rlViAxF_	2020-12-25T22:17:51.825Z	2025-11-17T18:53:23.076Z	257228838	960	540	Landscape
10y_rq9wbpuwr6UkcCQdTdPhnjlTsnbCE	7.Usher.mov	video/quicktime	1etWb5hLy0kccVgynlgbnKph748WjwZ_e	https://drive.google.com/file/d/1etWb5hLy0kccVgynlgbnKph748WjwZ_e/view	https://drive.google.com/uc?export=download&id=1etWb5hLy0kccVgynlgbnKph748WjwZ_e	2025-11-17T18:39:25.553Z	2025-11-17T18:52:14.220Z	56571738	1080	1920	Portrait
10y_rq9wbpuwr6UkcCQdTdPhnjlTsnbCE	5. Lady Marmalade.MOV	video/quicktime	1VwIFTvhBkyu6aP3UOe9wYflMsrOwx2Qd	https://drive.google.com/file/d/1VwIFTvhBkyu6aP3UOe9wYflMsrOwx2Qd/view	https://drive.google.com/uc?export=download&id=1VwIFTvhBkyu6aP3UOe9wYflMsrOwx2Qd	2025-11-14T20:14:59.314Z	2025-11-17T18:51:43.592Z	40033356	1080	1920	Portrait
10y_rq9wbpuwr6UkcCQdTdPhnjlTsnbCE	7. I Wish.mov	video/quicktime	1iU_vyCq_oiBkKJ4_D7koSg5vLmr3iZXY	https://drive.google.com/file/d/1iU_vyCq_oiBkKJ4_D7koSg5vLmr3iZXY/view	https://drive.google.com/uc?export=download&id=1iU_vyCq_oiBkKJ4_D7koSg5vLmr3iZXY	2025-11-17T18:35:39.853Z	2025-11-17T18:51:28.587Z	78001037	1080	1920	Portrait
10y_rq9wbpuwr6UkcCQdTdPhnjlTsnbCE	6. Unwritten .mov	video/quicktime	1BzWYvftFsq3ceOCHynYbJV5PquhR5-DC	https://drive.google.com/file/d/1BzWYvftFsq3ceOCHynYbJV5PquhR5-DC/view	https://drive.google.com/uc?export=download&id=1BzWYvftFsq3ceOCHynYbJV5PquhR5-DC	2025-11-17T18:36:53.961Z	2025-11-17T18:51:09.699Z	66440637	1080	1920	Portrait
10y_rq9wbpuwr6UkcCQdTdPhnjlTsnbCE	5. Give It Too Me.mov	video/quicktime	1upgjfx5tGA4KpHumf_G7U0eJ6lMUER20	https://drive.google.com/file/d/1upgjfx5tGA4KpHumf_G7U0eJ6lMUER20/view	https://drive.google.com/uc?export=download&id=1upgjfx5tGA4KpHumf_G7U0eJ6lMUER20	2025-11-14T20:06:45.625Z	2025-11-17T18:50:19.212Z	54011925	1080	1920	Portrait
10y_rq9wbpuwr6UkcCQdTdPhnjlTsnbCE	4. Sir Duke.mov	video/quicktime	1S8rf4y34MS0kMDDyps85O8ri3P4Etg8K	https://drive.google.com/file/d/1S8rf4y34MS0kMDDyps85O8ri3P4Etg8K/view	https://drive.google.com/uc?export=download&id=1S8rf4y34MS0kMDDyps85O8ri3P4Etg8K	2025-11-17T18:42:04.131Z	2025-11-17T18:49:57.013Z	56978333	1080	1920	Portrait
10y_rq9wbpuwr6UkcCQdTdPhnjlTsnbCE	3. Jungle Boogie.MOV	video/quicktime	1wRhI6SrD_yQoT4xpvlEbb-xzE1qujPDg	https://drive.google.com/file/d/1wRhI6SrD_yQoT4xpvlEbb-xzE1qujPDg/view	https://drive.google.com/uc?export=download&id=1wRhI6SrD_yQoT4xpvlEbb-xzE1qujPDg	2023-07-20T06:05:03.718Z	2025-11-17T18:49:18.534Z	105990399	1920	1080	Landscape
10y_rq9wbpuwr6UkcCQdTdPhnjlTsnbCE	Signed Sealed Delivered.mov	video/quicktime	1LNim-oL4wwrF-tMuxyUJiWJD_ch0ZBBl	https://drive.google.com/file/d/1LNim-oL4wwrF-tMuxyUJiWJD_ch0ZBBl/view	https://drive.google.com/uc?export=download&id=1LNim-oL4wwrF-tMuxyUJiWJD_ch0ZBBl	2025-11-17T18:43:48.002Z	2025-11-17T18:48:11.551Z	72428667	1080	1920	Portrait
10y_rq9wbpuwr6UkcCQdTdPhnjlTsnbCE	2. Journey.MOV	video/quicktime	1PRwMDzhIO4_PyMmnbesMshv45pZjwLYp	https://drive.google.com/file/d/1PRwMDzhIO4_PyMmnbesMshv45pZjwLYp/view	https://drive.google.com/uc?export=download&id=1PRwMDzhIO4_PyMmnbesMshv45pZjwLYp	2023-07-20T06:24:51.358Z	2025-11-17T18:47:46.527Z	97797747	1920	1080	Landscape
10y_rq9wbpuwr6UkcCQdTdPhnjlTsnbCE	1. Sweet Caroline.mov	video/quicktime	1HoLiZZHwkWgtL8IseYvYZCxHlbW_6vNv	https://drive.google.com/file/d/1HoLiZZHwkWgtL8IseYvYZCxHlbW_6vNv/view	https://drive.google.com/uc?export=download&id=1HoLiZZHwkWgtL8IseYvYZCxHlbW_6vNv	2025-11-17T18:33:11.153Z	2025-11-17T18:47:23.285Z	110299385	1080	1920	Portrait
10y_rq9wbpuwr6UkcCQdTdPhnjlTsnbCE	This Will Be.mov	video/quicktime	1skRYGPA4Y5BZecisNIKzeQCWBljTBmbf	https://drive.google.com/file/d/1skRYGPA4Y5BZecisNIKzeQCWBljTBmbf/view	https://drive.google.com/uc?export=download&id=1skRYGPA4Y5BZecisNIKzeQCWBljTBmbf	2025-11-14T20:08:11.086Z	2025-11-17T18:28:27.931Z	64893627	2160	3840	Portrait
10y_rq9wbpuwr6UkcCQdTdPhnjlTsnbCE	What is Hip.MP4	video/mp4	1ACL8U4BbLXgsyn-pca9PqCMrnzNvwplM	https://drive.google.com/file/d/1ACL8U4BbLXgsyn-pca9PqCMrnzNvwplM/view	https://drive.google.com/uc?export=download&id=1ACL8U4BbLXgsyn-pca9PqCMrnzNvwplM	2025-11-14T20:14:19.823Z	2025-11-17T18:04:57.691Z	13156296	480	854	Portrait
10y_rq9wbpuwr6UkcCQdTdPhnjlTsnbCE	25or6too4.mov	video/quicktime	1_yQaFe8EcjtumJaDOTASJLsayd_xRCzL	https://drive.google.com/file/d/1_yQaFe8EcjtumJaDOTASJLsayd_xRCzL/view	https://drive.google.com/uc?export=download&id=1_yQaFe8EcjtumJaDOTASJLsayd_xRCzL	2025-11-14T20:11:25.926Z	2025-11-14T20:11:25.926Z	188391479	2160	3838	Portrait
10y_rq9wbpuwr6UkcCQdTdPhnjlTsnbCE	Sir Duke	video/quicktime	1HyLXk49HglMEgixo3tYG6BvCElAADanY	https://drive.google.com/file/d/1HyLXk49HglMEgixo3tYG6BvCElAADanY/view	https://drive.google.com/uc?export=download&id=1HyLXk49HglMEgixo3tYG6BvCElAADanY	2022-06-23T08:41:40.104Z	2023-07-20T06:28:43.170Z	80651265	1280	720	Landscape
10y_rq9wbpuwr6UkcCQdTdPhnjlTsnbCE	A. Sir Duke - Big Sur Wedding	video/mp4	11H9lXCXeQDMcf3bvrvFfVaChoxUpkSZQ	https://drive.google.com/file/d/11H9lXCXeQDMcf3bvrvFfVaChoxUpkSZQ/view	https://drive.google.com/uc?export=download&id=11H9lXCXeQDMcf3bvrvFfVaChoxUpkSZQ	2022-01-26T21:34:18.961Z	2023-07-20T06:28:30.679Z	24225457	720	462	Landscape
10y_rq9wbpuwr6UkcCQdTdPhnjlTsnbCE	D Trumpet VS Sax.Mov	video/quicktime	1f5W8j26uTzzEymi7Vqr51GY2K6tcE3nj	https://drive.google.com/file/d/1f5W8j26uTzzEymi7Vqr51GY2K6tcE3nj/view	https://drive.google.com/uc?export=download&id=1f5W8j26uTzzEymi7Vqr51GY2K6tcE3nj	2023-07-20T06:06:48.400Z	2023-07-20T06:26:58.945Z	104691095	1080	1266	Portrait
10y_rq9wbpuwr6UkcCQdTdPhnjlTsnbCE	B September .mov	video/quicktime	18lH8U44G-2aOF7g5O--0Z0P1Svhu960V	https://drive.google.com/file/d/18lH8U44G-2aOF7g5O--0Z0P1Svhu960V/view	https://drive.google.com/uc?export=download&id=18lH8U44G-2aOF7g5O--0Z0P1Svhu960V	2023-07-20T06:03:46.635Z	2023-07-20T06:26:04.658Z	100772370	1920	1080	Landscape
10y_rq9wbpuwr6UkcCQdTdPhnjlTsnbCE	Don't Stop Believing (Wedding)	video/quicktime	1PAwD1vTcjQNvOsbIDin1J7ZqgHe00q_Q	https://drive.google.com/file/d/1PAwD1vTcjQNvOsbIDin1J7ZqgHe00q_Q/view	https://drive.google.com/uc?export=download&id=1PAwD1vTcjQNvOsbIDin1J7ZqgHe00q_Q	2022-06-23T08:40:35.561Z	2022-06-23T09:08:30.325Z	79654231	1920	1080	Landscape
10y_rq9wbpuwr6UkcCQdTdPhnjlTsnbCE	Paso Robles Wedding	video/quicktime	1bnwA4p9YmczduyyRLFMcnLAv5ZlCK60L	https://drive.google.com/file/d/1bnwA4p9YmczduyyRLFMcnLAv5ZlCK60L/view	https://drive.google.com/uc?export=download&id=1bnwA4p9YmczduyyRLFMcnLAv5ZlCK60L	2022-06-23T08:39:00.222Z	2022-06-23T09:07:45.957Z	15116242	368	656	Portrait
10y_rq9wbpuwr6UkcCQdTdPhnjlTsnbCE	Talking Heads (First Dance)	video/quicktime	1C6CINV2jMZlL_fEeZKKArBWQuzhzqqbg	https://drive.google.com/file/d/1C6CINV2jMZlL_fEeZKKArBWQuzhzqqbg/view	https://drive.google.com/uc?export=download&id=1C6CINV2jMZlL_fEeZKKArBWQuzhzqqbg	2022-06-23T08:39:31.587Z	2022-06-23T09:07:13.943Z	38093677	1080	1920	Portrait
10y_rq9wbpuwr6UkcCQdTdPhnjlTsnbCE	Jungle Boogie 	video/quicktime	1vc4qthL91Kd18oGk_-6zT10pRZOSI1z5	https://drive.google.com/file/d/1vc4qthL91Kd18oGk_-6zT10pRZOSI1z5/view	https://drive.google.com/uc?export=download&id=1vc4qthL91Kd18oGk_-6zT10pRZOSI1z5	2022-01-28T13:05:54.655Z	2022-01-28T13:06:23.669Z	137414421	1920	1080	Landscape
10y_rq9wbpuwr6UkcCQdTdPhnjlTsnbCE	Beyonce - Crazy In Love	video/quicktime	1WgKa_7AiOl-_evvkQYNUm-25sYOGNyz_	https://drive.google.com/file/d/1WgKa_7AiOl-_evvkQYNUm-25sYOGNyz_/view	https://drive.google.com/uc?export=download&id=1WgKa_7AiOl-_evvkQYNUm-25sYOGNyz_	2022-01-28T12:41:48.193Z	2022-01-28T12:42:39.370Z	116270902	1920	1080	Landscape
10y_rq9wbpuwr6UkcCQdTdPhnjlTsnbCE	Frank Sinatra - SB Wedding	video/quicktime	1JcfD_Nkz8mlAy4OYx0IC6O_mnF_lZl5g	https://drive.google.com/file/d/1JcfD_Nkz8mlAy4OYx0IC6O_mnF_lZl5g/view	https://drive.google.com/uc?export=download&id=1JcfD_Nkz8mlAy4OYx0IC6O_mnF_lZl5g	2022-01-27T03:44:59.060Z	2022-01-27T03:51:06.996Z	138086538	1522	1080	Landscape
10y_rq9wbpuwr6UkcCQdTdPhnjlTsnbCE	California Love - Big Sur Wedding	video/quicktime	1EYNlt9szVQ9Fifiu2dJDoqVZqi-kEP9t	https://drive.google.com/file/d/1EYNlt9szVQ9Fifiu2dJDoqVZqi-kEP9t/view	https://drive.google.com/uc?export=download&id=1EYNlt9szVQ9Fifiu2dJDoqVZqi-kEP9t	2022-01-26T22:27:54.704Z	2022-01-26T22:53:19.352Z	118957708	1920	1080	Landscape
10y_rq9wbpuwr6UkcCQdTdPhnjlTsnbCE	Sax Solo SB Wedding	video/quicktime	1A6J8R7yMvDtU9tBciHHlu8huU9P5KeFV	https://drive.google.com/file/d/1A6J8R7yMvDtU9tBciHHlu8huU9P5KeFV/view	https://drive.google.com/uc?export=download&id=1A6J8R7yMvDtU9tBciHHlu8huU9P5KeFV	2022-01-26T22:51:59.526Z	2022-01-26T22:52:51.373Z	94795881	1920	1080	Landscape
10y_rq9wbpuwr6UkcCQdTdPhnjlTsnbCE	Johny Cash 	video/quicktime	1gHokWcX2lnM7u7QbImhw7ZU_1ArnrJch	https://drive.google.com/file/d/1gHokWcX2lnM7u7QbImhw7ZU_1ArnrJch/view	https://drive.google.com/uc?export=download&id=1gHokWcX2lnM7u7QbImhw7ZU_1ArnrJch	2022-01-26T22:26:14.120Z	2022-01-26T22:47:43.189Z	101590368	1920	1080	Landscape
10y_rq9wbpuwr6UkcCQdTdPhnjlTsnbCE	Get Lucky	video/quicktime	1MXqPFJz3_6GztRqbLxjcFFZ4hp2499Ml	https://drive.google.com/file/d/1MXqPFJz3_6GztRqbLxjcFFZ4hp2499Ml/view	https://drive.google.com/uc?export=download&id=1MXqPFJz3_6GztRqbLxjcFFZ4hp2499Ml	2022-01-26T22:33:16.256Z	2022-01-26T22:47:03.199Z	288230230	1920	1080	Landscape
10y_rq9wbpuwr6UkcCQdTdPhnjlTsnbCE	James Brown	video/quicktime	1rZLcaIE2ZjA2OzheMKcisrUlk-1hgF8h	https://drive.google.com/file/d/1rZLcaIE2ZjA2OzheMKcisrUlk-1hgF8h/view	https://drive.google.com/uc?export=download&id=1rZLcaIE2ZjA2OzheMKcisrUlk-1hgF8h	2022-01-26T22:29:11.078Z	2022-01-26T22:36:00.874Z	96209294	1920	1080	Landscape
10y_rq9wbpuwr6UkcCQdTdPhnjlTsnbCE	Tennessee Whiskey - SB Wedding 	video/quicktime	1pUgAj4bQxbL8CURj-mDkd2o1SH9pzNN1	https://drive.google.com/file/d/1pUgAj4bQxbL8CURj-mDkd2o1SH9pzNN1/view	https://drive.google.com/uc?export=download&id=1pUgAj4bQxbL8CURj-mDkd2o1SH9pzNN1	2022-01-26T22:08:43.988Z	2022-01-26T22:11:26.744Z	105858225	1920	1080	Landscape
10y_rq9wbpuwr6UkcCQdTdPhnjlTsnbCE	Marvin Gaye - SB Wedding 	video/quicktime	1JxfxAT9fmUnGPtdFO7ykQx-OOwQH5_YK	https://drive.google.com/file/d/1JxfxAT9fmUnGPtdFO7ykQx-OOwQH5_YK/view	https://drive.google.com/uc?export=download&id=1JxfxAT9fmUnGPtdFO7ykQx-OOwQH5_YK	2022-01-26T21:55:47.386Z	2022-01-26T21:59:56.947Z	94111552	1920	1080	Landscape
10y_rq9wbpuwr6UkcCQdTdPhnjlTsnbCE	Santa Barbara Wedding	video/quicktime	1mrDzdBGu9YKCZcRBR5Vh0_ngMLJOAnUy	https://drive.google.com/file/d/1mrDzdBGu9YKCZcRBR5Vh0_ngMLJOAnUy/view	https://drive.google.com/uc?export=download&id=1mrDzdBGu9YKCZcRBR5Vh0_ngMLJOAnUy	2022-01-26T21:33:26.887Z	2022-01-26T21:48:39.641Z	79658764	514	788	Portrait
10y_rq9wbpuwr6UkcCQdTdPhnjlTsnbCE	Pick Up The Pieces	video/quicktime	1107D6aa01NhpfdyKCNEtez73qkS9OXvr	https://drive.google.com/file/d/1107D6aa01NhpfdyKCNEtez73qkS9OXvr/view	https://drive.google.com/uc?export=download&id=1107D6aa01NhpfdyKCNEtez73qkS9OXvr	2022-01-26T21:36:30.403Z	2022-01-26T21:38:46.775Z	85381720	1638	942	Landscape